<record><leader>00000cas a22000007a 4500</leader><controlfield tag="001">20368195</controlfield><controlfield tag="008">890919d19601960lauwr ne      0    0eng d</controlfield><datafield ind1=" " ind2=" " tag="010"><subfield code="a">sn 89059350 </subfield></datafield><datafield ind1=" " ind2=" " tag="040"><subfield code="a">LNP</subfield><subfield code="b">eng</subfield><subfield code="c">LNP</subfield><subfield code="d">OCLCQ</subfield></datafield><datafield ind1=" " ind2=" " tag="042"><subfield code="a">msc</subfield></datafield><datafield ind1="0" ind2="4" tag="245"><subfield code="a">The Acadian dispatch.</subfield></datafield><datafield ind1=" " ind2=" " tag="260"><subfield code="a">[Breaux Bridge, La. :</subfield><subfield code="b">Wess Theriot]</subfield></datafield><datafield ind1=" " ind2=" " tag="300"><subfield code="a">v.</subfield></datafield><datafield ind1=" " ind2=" " tag="310"><subfield code="a">Weekly</subfield></datafield><datafield ind1="0" ind2=" " tag="362"><subfield code="a">Vol. 1, no. 1 (Sept. 23, 1960)-v. 1, no. 15 (Dec. 30, 1960).</subfield></datafield><datafield ind1=" " ind2=" " tag="752"><subfield code="a">United States</subfield><subfield code="b">Louisiana</subfield><subfield code="c">Saint Martin</subfield><subfield code="d">Breaux Bridge.</subfield></datafield><datafield ind1="0" ind2="0" tag="785"><subfield code="t">Dispatch (Breaux Bridge, La.)</subfield><subfield code="w">(DLC)sn 89059351</subfield></datafield></record>